<?xml version="1.0" encoding="UTF-8"?><collection xmlns="http://www.loc.gov/MARC21/slim"><record><leader>00421nam--2200169-i-4500</leader><controlfield tag="001">000049983</controlfield><controlfield tag="002">20161230</controlfield><controlfield tag="005">20170117000703</controlfield><controlfield tag="008">060222s1000------------r-----000-0-eng-d</controlfield><datafield ind1=" " ind2=" " tag="080"><subfield code="a">681.324</subfield></datafield><datafield ind1=" " ind2=" " tag="100"><subfield code="a">Achasova, S. M</subfield></datafield><datafield ind1=" " ind2=" " tag="245"><subfield code="a">Korrektnost parallelnyh vychislitelnyh processov</subfield></datafield><datafield ind1=" " ind2=" " tag="260"><subfield code="a">Novosibirsk</subfield><subfield code="b">Nauka</subfield><subfield code="c">1990</subfield></datafield><datafield ind1=" " ind2=" " tag="300"><subfield code="a">253s</subfield></datafield><datafield ind1=" " ind2=" " tag="700"><subfield code="a">Bandman, O. L</subfield></datafield><datafield ind1=" " ind2=" " tag="852"><subfield code="a">79381</subfield></datafield><datafield ind1=" " ind2=" " tag="CAT"><subfield code="a">SYS</subfield><subfield code="c">20170117</subfield><subfield code="h">000703</subfield></datafield></record></collection>